@article{song2010limits,
  title={Limits of predictability in human mobility},
  author={Song, Chaoming and Qu, Zehui and Blumm, Nicholas and Barab{\'a}si, Albert-L{\'a}szl{\'o}},
  journal={Science},
  volume={327},
  number={5968},
  pages={1018--1021},
  year={2010},
  publisher={American Association for the Advancement of Science}
}

@article{de2013unique,
  title={Unique in the Crowd: The privacy bounds of human mobility},
  author={de Montjoye, Yves-Alexandre and Hidalgo, C{\'e}sar A and Verleysen, Michel and Blondel, Vincent D},
  journal={Scientific reports},
  volume={3},
  year={2013},
  publisher={Nature Publishing Group}
}

@inproceedings{narayanan2008robust,
  title={Robust de-anonymization of large sparse datasets},
  author={Narayanan, Arvind and Shmatikov, Vitaly},
  booktitle={Security and Privacy, 2008. SP 2008. IEEE Symposium on},
  pages={111--125},
  year={2008},
  organization={IEEE}
}

@article{sweeney2000simple,
  title={Simple demographics often identify people uniquely},
  author={Sweeney, Latanya},
  journal={Health (San Francisco)},
  pages={1--34},
  year={2000}
}

@article{eagle2006reality,
  title={Reality mining: sensing complex social systems},
  author={Eagle, Nathan and Pentland, Alex},
  journal={Personal and ubiquitous computing},
  volume={10},
  number={4},
  pages={255--268},
  year={2006},
  publisher={Springer-Verlag}
}

@article{greene2008reality,
  title={Reality mining},
  author={Greene, Kate},
  journal={Technology Review},
  year={2008},
  url={http://pubs.media.mit.edu/pubs/papers/tr10pdfdownload.pdf}
}

@article{pentland2009reality,
  title={Reality mining of mobile communications: Toward a new deal on data},
  author={PENTLAND, ALEX},
  journal={The Global Information Technology Report 2008--2009},
  pages={1981},
  year={2009}
}