

@INPROCEEDINGS{BonehSahai2011,
    key = {BonehSahai2011},
    author = {Dan Boneh and Amit Sahai and Brent Waters},
    title = {Functional Encryption: Definition and Challenges},
    booktitle = {Proceedings of 2011 Theory of Cryptography Conference (TCC 2011) },
    year = {2011},
    month = {March},
}



@book{BernersLee1999,
    key     = {BernersLee1999},
    author  = {Tim {Berners-Lee} and Mark Fischetti},
    title   = {{W}eaving the {W}eb},
    year    = {1999},
    publisher = {Harper San Francisco}
}


@INPROCEEDINGS{BarberBoyen2012,
    key = {BarberBoyen2012},
    author = {Simon Barber and Xavier Boyen and Elaine Shi and Ersin Uzun},
    title = {{B}itter to {B}etter -- how to make {Bitcoin} a better currency},
    booktitle = {Proceedings Financial Cryptography and Data Security Conference (Lecture Notes in Computer Science Volume 7397)},
    pages = {399-414},
    year = {2012},
    month = {April},
}


@misc{Stalnaker2013,
    key     = {Stalnaker2013},
    author  = {Stan Stalnaker},
    title   = {The Ven Currency},
    year    = {2013},
    note    = {http://www.ven.vc},
}


@misc{SWIFTnetwork,
    key     = {SWIFTnetwork},
    author  = {Society for Worldwide Interbank Financial Telecommunication},
    title   = {The {SWIFT} Network},
    note    = {http://www.swift.com}
}


@article{song2010limits,
  title={Limits of predictability in human mobility},
  author={Song, Chaoming and Qu, Zehui and Blumm, Nicholas and Barab{\'a}si, Albert-L{\'a}szl{\'o}},
  journal={Science},
  volume={327},
  number={5968},
  pages={1018--1021},
  year={2010},
  publisher={American Association for the Advancement of Science}
}

@article{de2013unique,
  title={Unique in the Crowd: The privacy bounds of human mobility},
  author={de Montjoye, Yves-Alexandre and Hidalgo, C{\'e}sar A and Verleysen, Michel and Blondel, Vincent D},
  journal={Scientific reports},
  volume={3},
  year={2013},
  publisher={Nature Publishing Group}
}

@inproceedings{narayanan2008robust,
  title={Robust de-anonymization of large sparse datasets},
  author={Narayanan, Arvind and Shmatikov, Vitaly},
  booktitle={Security and Privacy, 2008. SP 2008. IEEE Symposium on},
  pages={111--125},
  year={2008},
  organization={IEEE}
}

@article{sweeney2000simple,
  title={Simple demographics often identify people uniquely},
  author={Sweeney, Latanya},
  journal={Health (San Francisco)},
  pages={1--34},
  year={2000}
}

@article{eagle2006reality,
  title={Reality mining: sensing complex social systems},
  author={Eagle, Nathan and Pentland, Alex},
  journal={Personal and ubiquitous computing},
  volume={10},
  number={4},
  pages={255--268},
  year={2006},
  publisher={Springer-Verlag}
}

@article{greene2008reality,
  title={Reality mining},
  author={Greene, Kate},
  journal={Technology Review},
  year={2008},
  url={http://pubs.media.mit.edu/pubs/papers/tr10pdfdownload.pdf}
}

@article{pentland2009reality,
  title={Reality mining of mobile communications: Toward a new deal on data},
  author={Pentland, Alex},
  journal={The Global Information Technology Report 2008--2009},
  pages={1981},
  year={2009}
}

@inproceedings{madan2010social,
  title={Social sensing for epidemiological behavior change},
  author={Madan, Anmol and Cebrian, Manuel and Lazer, David and Pentland, Alex},
  booktitle={Proceedings of the 12th ACM international conference on Ubiquitous computing},
  pages={291--300},
  year={2010},
  organization={ACM}
}

@article{pentland2009using,
  title={Using reality mining to improve public health and medicine},
  author={Pentland, Alex and Lazer, David and Brewer, Devon and Heibeck, Tracy},
  journal={Stud Health Technol Inform},
  volume={149},
  pages={93--102},
  year={2009}
}

@article{pan2013urban,
  title={Urban characteristics attributable to density-driven tie formation},
  author={Pan, Wei and Ghoshal, Gourab and Krumme, Coco and Cebrian, Manuel and Pentland, Alex},
  journal={Nature communications},
  volume={4},
  year={2013},
  publisher={Nature Publishing Group}
}

@misc{kuneva2009,
  author = {Meglena Kuneva},
  title = {{Roundtable on Online Data Collection, Targeting and Profiling }},
  howpublished = "\url{http://europa.eu/rapid/press-release\_SPEECH-09-156\_en.htm}",
  year = {2009}, 
}

@inproceedings{pan2012decoding,
  title={Decoding Social Influence and the Wisdom of the Crowd in Financial Trading Network},
  author={Pan, Wei and Altshuler, Yaniv and Pentland, Alex Sandy},
  booktitle={Privacy, Security, Risk and Trust (PASSAT), 2012 International Conference on and 2012 International Confernece on Social Computing (SocialCom)},
  pages={203--209},
  year={2012},
  organization={IEEE}
}

@misc{WEF2011,
    key     = {WEF2011},
    author  = {{World Economic Forum}},
    title   = {{P}ersonal {D}ata: {T}he {E}mergence of a {N}ew {A}sset {C}lass},
    year    = {2011},
    note   = {Available on {\tt http://www.weforum.org/reports/ personal-data-emergence-new-asset-class}},
}


@misc{NSTIC2011,
    key     = {NSTIC2011},
    author  = {{The White House}},
    title   = {{N}ational {S}trategy for {T}rusted {I}dentities in {C}yberspace: {E}nhancing {O}nline {C}hoice, {E}fficiency, {S}ecurity, and {P}rivacy},
    publisher = {The White House},
    howpublished = {The White House},
    year    = {2011},
    month   = {April},
    note   = {Available on http://www.whitehouse.gov/sites/default/files/rss\_viewer/ NSTICstrategy\_041511.pdf}
}


@INPROCEEDINGS{HardjonoGreenwood2013,
    author = {Thomas Hardjono and Daniel Greenwood and Alex Pentland},
    title = {Towards a Trustworthy Digital Infrastructure for Core Identities and Personal Data Stores},
    booktitle = {Proceedings of the {ID360} Conference on Identity},
    year = {2013},
    month = {April},
    publisher = {University of Texas}
}


@INPROCEEDINGS{HardjonoDeegan2014,
    key     = {HardjonoDeegan2014},
    author  = {Thomas Hardjono and Patrick Deegan and John Clippinger},
    title   = {{O}n the {D}esign of {T}rustworthy {C}ompute {F}rameworks for {S}elf-{O}rganizing {D}igital {I}nstitutions},
    booktitle = {Proceedings of the 16th International Conference on Human-Computer Interaction},
    year    = {2014},
}

@TechReport{WeitznerAbelson2007,
    key = {WeitznerAbelson2007},
	author ={Daniel Weitzner and Hal Abelson and Tim Berners-Lee and Joan Feigenbaum and James Hendler and Gerald Sussman},
	title = {Information Accountability},
	type = {MIT-CSAIL-TR-2007-034},
	institution = {MIT},
	year =  {2007},
	month =  {June},
}


@misc{OIX-website,
    key     = {OIX-website},
    author  = {{OIX}},
    title   = {{O}pen {I}dentity {E}xchange},
    year    = {2013},
    note    = {http://openidentityexchange.org}
}


@misc{Lessig2006,
    key     = {Lessig2006},
    author  = {Larry Lessig},
    title   = {{Code~v2.0} ({C}ode and Other {L}aws of {C}yberspace)},
    year    = {2006},
    note    = {Available on {{\tt http://www.codev2.cc}} },
}

@misc{ID3-website,
    key     = {ID3-website},
    author  = {{ID3}},
    title   = {{I}nstitute for {D}ata {D}riven {D}esign},
    year    = {2013},
    note    = {http://www.idcubed.org}
}

@INPROCEEDINGS{ManiOzdaglarPentland2010,
    key     = {ManiOzdaglarPentland2010},
    author  = {A. Mani and A. Ozdaglar and A. Pentland},
    title   = {{S}table, {F}air {S}ocieties As The {N}atural {P}roduct of {L}ocal {E}xchange {N}etworks},
    booktitle = {Proceedings of the 2010 Workshop on Information in Networks},
    year    = {2010},
    note    = {Available on {{\tt http://media.mit.edu/~pentland}} },
}


@misc{Pentland2012-DataDriven,
    key     = {Pentland2012-DataDriven},
    author  = {Alex Pentland},
    title   = {{D}ata {D}riven {S}ocieties},
    year    = {2012},
    note    = {Available on {{\tt http://media.mit.edu/~pentland}} },
}


@misc{Ostrom2009,
    key     = {Ostrom2009},
    author  = {Elinor Ostrom},
    title   = {{B}eyond {M}arkets and {S}tates: {P}olycentric {G}overnance of {C}omplex {E}conomic {S}ystems},
    year    = {2009},
    note   = {{N}obel {P}rize {L}ecture, {D}ecember 8, 2009. Available on {{\tt http://www.nobelprize.org}} },
}


@misc{Clippinger2013-InternetDisruption,
    key     = {Clippinger2013-InternetDisruption},
    author  = {John Clippinger},
    title   = {{T}he {N}ext {G}reat {I}nternet {D}isruption: {A}uthority and {G}overnance},
    year    = {2013},
    organization = {ID3},
    note   = {Available on {{\tt http://idcubed.org}} },
}



@article{song2010limits,
  title={Limits of predictability in human mobility},
  author={Song, Chaoming and Qu, Zehui and Blumm, Nicholas and Barab{\'a}si, Albert-L{\'a}szl{\'o}},
  journal={Science},
  volume={327},
  number={5968},
  pages={1018--1021},
  year={2010},
  publisher={American Association for the Advancement of Science}
}

@article{de2013unique,
  title={Unique in the Crowd: The privacy bounds of human mobility},
  author={de Montjoye, Yves-Alexandre and Hidalgo, C{\'e}sar A and Verleysen, Michel and Blondel, Vincent D},
  journal={Scientific reports},
  volume={3},
  year={2013},
  publisher={Nature Publishing Group}
}

@inproceedings{narayanan2008robust,
  title={Robust de-anonymization of large sparse datasets},
  author={Narayanan, Arvind and Shmatikov, Vitaly},
  booktitle={Security and Privacy, 2008. SP 2008. IEEE Symposium on},
  pages={111--125},
  year={2008},
  organization={IEEE}
}

@article{sweeney2000simple,
  title={Simple demographics often identify people uniquely},
  author={Sweeney, Latanya},
  journal={Health (San Francisco)},
  pages={1--34},
  year={2000}
}


